@article{ansolabehere2003,
  author  = {Stephen Ansolabehere and John M. de Figueiredo and James M. Snyder Jr.}, 
  title   = {Why is There so Little Money in U.S. Politics},
  journal = {Journal of Economic Perspectives},
  year    = 2003,
  month   = Winter,
  volume  = 17,
  number  = 1,
  pages   = 105-130,
  note    = {www.jstor.org/stable/3216842}
}

@book{francia2003,
  author  = {Peter L. Francia and John C. Green and Paul S. Herrnson and Lynda W. Powell and and Clyde Wilcox}, 
  title   = {The Financiers of Congressional Elections},
  publisher = {Columbia University Press},
  year      = 2003,
  volume    = ,
  series    = ,
  address   = {New York, NY},
  edition   = ,
  month     = ,
  note      = ,
  isbn      = {9780231116190}
}