@article{ansolabehere2003,
  author  = {Stephen Ansolabehere and John M. de Figueiredo and James M. Snyder}, 
  title   = {Why is There so Little Money in U.S. Politics},
  journal = {Journal of Economic Perspectives},
  year    = 2003,
  month   = Winter,
  volume  = 17,
  number  = 1,
  pages   = 105-130,
  note    = {www.jstor.org/stable/3216842}
}

@article{barber2016,
  author  = {Michael Barber}, 
  title   = {Donation Motivations: Testing Theories of Access and Ideology},
  journal = {Political Research Quarterly},
  year    = 2016,
  month   = 1,
  volume  = 69,
  number  = 1,
  pages   = {148-159},
  note    = {10.1177/1065912915624164}
}

@article{fouirnaies2015,
  author = {Fouirnaies, Alexander and Hall, Andrew},
  year = {2015},
  month = {01},
  pages = {},
  title = {The Exposure Theory of Access: Why Some Firms Seek More Access to Incumbents than Others},
  journal = {SSRN Electronic Journal},
  doi = {10.2139/ssrn.2652361}
}

@article{johnson2010,
  author = {Bertram Johnson},
  year = {2010},
  month = {06},
  pages = {890-908},
  title = {Individual Contributions: A Fundraising Advantage for the Ideologically Extreme?},
  journal = {American Politics Research},
  doi = {10.1177/1532673X09357500}
}

@article{heerwig2016,
title = "Donations and dependence: Individual contributor strategies in house elections",
journal = "Social Science Research",
volume = "60",
pages = "181 - 198",
year = "2016",
issn = "0049-089X",
doi = "https://doi.org/10.1016/j.ssresearch.2016.06.001",
url = "http://www.sciencedirect.com/science/article/pii/S0049089X16303143",
author = "Jennifer A. Heerwig"
}

@article{adams2016,
  author = {Brian E. Adams},
  title = {Fundraising Coalitions in Open Seat Mayoral Elections},
  journal = {Journal of Urban Affairs},
  volume = {29},
  number = {5},
  pages = {481-499},
  year  = {2007},
  publisher = {Routledge},
  doi = {10.1111/j.1467-9906.2007.00361.x},
  URL = {https://doi.org/10.1111/j.1467-9906.2007.00361.x},
  eprint = {https://doi.org/10.1111/j.1467-9906.2007.00361.x}
}
